<record><leader>00000cas a2200000 a 4500</leader><controlfield tag="001">17639891</controlfield><controlfield tag="008">880317d18701872iludn ne      0   a0eng c</controlfield><datafield ind1=" " ind2=" " tag="010"><subfield code="a">sn 88074142 </subfield></datafield><datafield ind1=" " ind2=" " tag="040"><subfield code="a">NYS</subfield><subfield code="b">eng</subfield><subfield code="c">NYS</subfield><subfield code="d">NVF</subfield><subfield code="d">OCLCQ</subfield><subfield code="d">NVF</subfield><subfield code="d">DLC</subfield><subfield code="d">NVF</subfield><subfield code="d">OCLCF</subfield><subfield code="d">OCLCO</subfield><subfield code="d">OCL</subfield><subfield code="d">NVF</subfield></datafield><datafield ind1=" " ind2=" " tag="012"><subfield code="l">a</subfield></datafield><datafield ind1="0" ind2=" " tag="022"><subfield code="a">2163-713X</subfield><subfield code="2">1</subfield></datafield><datafield ind1=" " ind2=" " tag="042"><subfield code="a">pcc</subfield><subfield code="a">nsdp</subfield></datafield><datafield ind1=" " ind2=" " tag="043"><subfield code="a">n-us-il</subfield></datafield><datafield ind1="0" ind2="0" tag="050"><subfield code="a">Newspaper</subfield></datafield><datafield ind1="1" ind2="0" tag="082"><subfield code="a">070</subfield><subfield code="2">14</subfield></datafield><datafield ind1=" " ind2="4" tag="222"><subfield code="a">The Cairo daily bulletin</subfield></datafield><datafield ind1="0" ind2="4" tag="245"><subfield code="a">The Cairo daily bulletin.</subfield></datafield><datafield ind1="1" ind2=" " tag="246"><subfield code="i">Published on Sundays as:</subfield><subfield code="a">Cairo Bulletin</subfield><subfield code="f">Aug. 4-Nov. 10, 1872</subfield></datafield><datafield ind1="1" ind2="7" tag="246"><subfield code="a">Cairo bulletin</subfield><subfield code="f">&lt;Mar. 29, 1870&gt;-June 11, 1871</subfield></datafield><datafield ind1="3" ind2="3" tag="246"><subfield code="a">Bulletin</subfield></datafield><datafield ind1=" " ind2=" " tag="260"><subfield code="a">Cairo, Ill. :</subfield><subfield code="b">John H. Oberly &amp; Co.</subfield></datafield><datafield ind1="3" ind2=" " tag="260"><subfield code="3">May 26-Nov. 14, 1872</subfield><subfield code="a">Cairo, Ill. :</subfield><subfield code="b">John H. Oberly</subfield></datafield><datafield ind1=" " ind2=" " tag="300"><subfield code="a">volumes :</subfield><subfield code="b">illustrations ;</subfield><subfield code="c">24 x 34 cm.</subfield></datafield><datafield ind1=" " ind2=" " tag="310"><subfield code="a">Daily (except Monday and the day following holidays),</subfield><subfield code="b">Jan. 3, 1871-Nov. 14, 1872</subfield></datafield><datafield ind1=" " ind2=" " tag="321"><subfield code="a">Daily (except Sunday and holidays),</subfield><subfield code="b">&lt;Mar. 29, 1870&gt;-Dec. 31, 1870</subfield></datafield><datafield ind1="1" ind2=" " tag="362"><subfield code="a">Began in Mar. 1870.</subfield></datafield><datafield ind1="0" ind2=" " tag="362"><subfield code="a">-Nov. 14, 1872.</subfield></datafield><datafield ind1=" " ind2=" " tag="500"><subfield code="a">"Daily" is above masthead ornament.</subfield></datafield><datafield ind1=" " ind2=" " tag="500"><subfield code="a">"Devoted to politics, news and literature."</subfield></datafield><datafield ind1=" " ind2=" " tag="500"><subfield code="a">"The official paper of Alexander county and the city of Cairo."</subfield></datafield><datafield ind1=" " ind2=" " tag="500"><subfield code="a">"The only daily paper in Southern Illinois," &lt;Mar. 29, 1870&gt;-Apr. 6, 1870.</subfield></datafield><datafield ind1=" " ind2=" " tag="500"><subfield code="a">"Only daily paper in Egypt," Apr. 7, 1870-June 11, 1871.</subfield></datafield><datafield ind1=" " ind2=" " tag="500"><subfield code="a">Issue for June 20, 1871 issue erroneously called "Weekly edition."</subfield></datafield><datafield ind1=" " ind2=" " tag="500"><subfield code="a">Issue for June 13, 1872 issue called also "Daily edition."</subfield></datafield><datafield ind1=" " ind2=" " tag="515"><subfield code="a">No vol., page, or issue numbering.</subfield></datafield><datafield ind1=" " ind2=" " tag="525"><subfield code="a">Supplements accompany issues Sept. 20 1872 and Oct. 20, 1872.</subfield></datafield><datafield ind1=" " ind2=" " tag="530"><subfield code="a">Also available on microfilm;</subfield><subfield code="b">Micro Photo, Inc.</subfield></datafield><datafield ind1=" " ind2=" " tag="530"><subfield code="a">Archived issues are available in digital format as part of the Library of Congress Chronicling America online collection.</subfield></datafield><datafield ind1=" " ind2=" " tag="580"><subfield code="a">Weekly eds.: Cairo weekly bulletin, 1870-&lt;1871&gt;, and: Cairo bulletin (Cairo, Ill. : Weekly), &lt;1872&gt;</subfield></datafield><datafield ind1=" " ind2=" " tag="588"><subfield code="a">Description based on: Mar. 29, 1870.</subfield></datafield><datafield ind1=" " ind2="0" tag="651"><subfield code="a">Cairo (Ill.)</subfield><subfield code="v">Newspapers.</subfield></datafield><datafield ind1=" " ind2="0" tag="651"><subfield code="a">Alexander County (Ill.)</subfield><subfield code="v">Newspapers.</subfield></datafield><datafield ind1=" " ind2="7" tag="651"><subfield code="a">Illinois</subfield><subfield code="z">Alexander County.</subfield><subfield code="2">fast</subfield><subfield code="0">(OCoLC)fst01214971</subfield></datafield><datafield ind1=" " ind2="7" tag="651"><subfield code="a">Illinois</subfield><subfield code="z">Cairo.</subfield><subfield code="2">fast</subfield><subfield code="0">(OCoLC)fst01217110</subfield></datafield><datafield ind1=" " ind2="7" tag="655"><subfield code="a">Newspapers.</subfield><subfield code="2">fast</subfield><subfield code="0">(OCoLC)fst01423814</subfield></datafield><datafield ind1=" " ind2=" " tag="752"><subfield code="a">United States</subfield><subfield code="b">Illinois</subfield><subfield code="c">Alexander</subfield><subfield code="d">Cairo.</subfield></datafield><datafield ind1="1" ind2=" " tag="775"><subfield code="t">Cairo weekly bulletin</subfield><subfield code="w">(DLC)sn 93055780</subfield><subfield code="w">(OCoLC)27967080</subfield></datafield><datafield ind1="1" ind2=" " tag="775"><subfield code="t">Cairo bulletin (Cairo, Ill. : Weekly)</subfield><subfield code="w">(DLC)sn 85033412</subfield><subfield code="w">(OCoLC)11944380</subfield></datafield><datafield ind1="0" ind2="8" tag="776"><subfield code="i">Microfilm version:</subfield><subfield code="t">Cairo daily bulletin</subfield><subfield code="w">(OCoLC)15094748</subfield></datafield><datafield ind1="0" ind2="0" tag="780"><subfield code="t">Cairo evening bulletin</subfield><subfield code="x">2163-7180</subfield><subfield code="w">(DLC)sn 88074143</subfield><subfield code="w">(OCoLC)17639810</subfield></datafield><datafield ind1="0" ind2="0" tag="785"><subfield code="t">Cairo bulletin (Cairo, Ill. : Daily)</subfield><subfield code="x">2163-4572</subfield><subfield code="w">(DLC)sn 85033413</subfield><subfield code="w">(OCoLC)11952073</subfield></datafield><datafield ind1="4" ind2="1" tag="856"><subfield code="u">http://www.loc.gov/chroniclingamerica/lccn/sn88074142/issues</subfield></datafield><datafield ind1="1" ind2=" " tag="029"><subfield code="a">AU@</subfield><subfield code="b">000025830702</subfield></datafield></record>